@article{CorCer09,
	Author = {P. Cortez and A. Cerdeira and F. Almeida and T. Matos and J. Reis},
	Journal = {Decision Support Systems},
	Number = {4},
	Pages = {547-553},
	Title = {{Modeling wine preferences by data mining from physicochemical properties}},
	Volume = {47},
	Year = {1998}
       }
@article{WQA,
  Author = {P. Cortez and J. Teixeira and A. Cerdeira and F. Almeida and T. Matos, J. Reis},
  Journal = {Discovery Science},
  Pages = {66-79},
  Title = {{Using Data Mining for Wine Quality Assessment}},
  Volume = {5808},
  Year = {2009}
  }
@article{AppalSami,
  Author = {P. Appalsamy and A. Mustapha and N.D. Rizal and F. Johari and A.F. Mansor},
  Journal = {Journal of Applied Sciences},
  Number = {6},
  Pages = {598-601},
  Title = {{Classification-based Data Mining Approach for Quality Control in Wine Production}},
  Volume = {12},
  Year = {2012}
  }
@article{Forest,
  Author = {L. Breiman},
  Journal = {Machine Learning},
  Number = {1},
  Pages = {5-32},
  Title = {{Random Forests}},
  Volume = {45},
  Year = {2001}
  }
@book{Alpaydin,
  title={Introduction to machine learning},
  author={Alpaydin, Ethem},
  year={2004},
  publisher={MIT press}
}
